@article{zhao2005notation,
  title={A notation and system for expressing and executing cleanly typed workflows on messy scientific data},
  author={Zhao, Yong and Dobson, Jed and Foster, Ian and Moreau, Luc and Wilde, Michael},
  journal={ACM Sigmod Record},
  volume={34},
  number={3},
  pages={37--43},
  year={2005},
  publisher={ACM}
}

@inproceedings{bowers2007project,
  title={\href{http://link.springer.com/chapter/10.1007%2F978-3-540-73255-6_12}{Project histories: Managing data provenance across collection-oriented scientific workflow runs}},
  author={Bowers, Shawn and McPhillips, Timothy and Wu, Martin and Lud{\"a}scher, Bertram},
  booktitle={Data Integration in the Life Sciences (DILS)},
  pages={122--138},
  year=2007,
  volume = 4544,
  series = {LNCS},
  publisher = {Springer}, 
  note = {\href{http://citeseerx.ist.psu.edu/viewdoc/download?doi=10.1.1.123.3819&rep=rep1&type=pdf}{Preprint}},
}

@article{bowers2012scientific,
  title={\href{http://link.springer.com/article/10.1007%2Fs13740-012-0004-y}{Scientific workflow, provenance, and data modeling challenges and approaches}},
  author={Bowers, Shawn},
  journal={Journal on Data Semantics},
  volume={1},
  number={1},
  pages={19--30},
  year={2012},
  publisher={Springer}
}


@Misc{mcphillips2015example,
  key = 	 {Example Python script, \yw-markup, and query rules},
  author = 	 {Timothy McPhillips and Bertram Lud\"ascher},
  howpublished = {\href{https://github.com/yesworkflow-org/yw-recon-example}{github.com/yesworkflow-org/yw-recon-example}},
  year = 	 2015}

@article{bocinsky2014,
  title={A 2,000-Year reconstruction of the rain-fed maize agricultural niche in the {US} Southwest},
  author={R.\ Kyle Bocinsky and Timothy A.\ Kohler},
  journal={Nature Communications},
  volume={5},
  year={2014},
  note={\href{http://dx.doi.org/10.1038/ncomms6618}{doi:10.1038/ncomms6618}},
  publisher={Nature Publishing Group}
}

@book{gandrud2013reproducible,
  title={Reproducible Research with R and R Studio},
  author={Gandrud, Christopher},
  year={2013},
  publisher={CRC Press}
}

@article{frew2008automatic,
  title={Automatic capture and reconstruction of computational provenance},
  author={Frew, James and Metzger, Dominic and Slaughter, Peter},
  journal={Concurrency and Computation: Practice and Experience},
  volume={20},
  number={5},
  pages={485--496},
  year={2008},
  publisher={Wiley Online Library}
}


@article{tsai2013autodrug,
  title={AutoDrug: fully automated macromolecular crystallography workflows for fragment-based drug discovery},
  author={Tsai, Yingssu and McPhillips, Scott E and Gonz{\'a}lez, Ana and McPhillips, Timothy M and Zinn, Daniel and Cohen, Aina E and Feese, Michael D and Bushnell, David and Tiefenbrunn, Theresa and Stout, C David and others},
  journal={Acta Cryst},
  volume={500},
  pages={69},
  year={2013}
}

@inproceedings{missier2008data,
  title={Data lineage model for Taverna workflows with lightweight annotation requirements},
  author={Missier, Paolo and Belhajjame, Khalid and Zhao, Jun and Roos, Marco and Goble, Carole},
  booktitle={IPAW},
  year={2008},
}


@inproceedings{altintas2006provenance,
  title={Provenance collection support in the Kepler scientific workflow system},
  author={Altintas, Ilkay and Barney, Oscar and Jaeger-Frank, Efrat},
  booktitle={IPAW},
  year={2006},
}

@inproceedings{bowers2008kepler,
  title={Kepler/pPOD: Scientific workflow and provenance support for assembling the tree of life},
  author={Bowers, Shawn and McPhillips, Timothy and Riddle, Sean and Anand, Manish Kumar and Lud{\"a}scher, Bertram},
  booktitle={IPAW},
  year={2008},
}


@book{stodden2014implementing,
  title={Implementing reproducible research},
  author={Stodden, Victoria and Leisch, Friedrich and Peng, Roger D},
  year={2014},
  publisher={CRC Press}
}

@article{freire2014reproducibility,
  title={Reproducibility using vistrails},
  author={Freire, Juliana and Koop, David and Chirigati, Fernando Seabra and Silva, Cl{\'a}udio T},
  journal={Implementing Reproducible Research},
  pages={33},
  year={2014},
  publisher={CRC Press}
}

@article{davidson2007provenance,
  title={Provenance in Scientific Workflow Systems.},
  author={Davidson, Susan B and Boulakia, Sarah Cohen and Eyal, Anat and Lud{\"a}scher, Bertram and McPhillips, Timothy M and Bowers, Shawn and Anand, Manish Kumar and Freire, Juliana},
  journal={IEEE Data Eng. Bull.},
  volume={30},
  number={4},
  pages={44--50},
  year={2007}
}


@article{oinn2004taverna,
  title={Taverna: a tool for the composition and enactment of bioinformatics workflows},
  author={Oinn, Tom and Addis, Matthew and Ferris, Justin and Marvin, Darren and Senger, Martin and Greenwood, Mark and Carver, Tim and Glover, Kevin and Pocock, Matthew R and Wipat, Anil and others},
  journal={Bioinformatics},
  volume={20},
  number={17},
  pages={3045--3054},
  year={2004},
  publisher={Oxford Univ Press}
}


@article{wolstencroft2013taverna,
  title={The Taverna workflow suite: designing and executing workflows of Web Services on the desktop, web or in the cloud},
  author={Wolstencroft, Katherine and Haines, Robert and Fellows, Donal and Williams, Alan and Withers, David and Owen, Stuart and Soiland-Reyes, Stian and Dunlop, Ian and Nenadic, Aleksandra and Fisher, Paul and others},
  journal={Nucleic Acids Research},
  year={2013},
  publisher={Oxford Univ Press}
}

@article{ludascher2006scientific,
  title={Scientific workflow management and the Kepler system},
  author={Lud{\"a}scher, Bertram and Altintas, Ilkay and Berkley, Chad and Higgins, Dan and Jaeger, Efrat and Jones, Matthew and Lee, Edward A and Tao, Jing and Zhao, Yang},
  journal={Concurrency and Computation: Practice and Experience},
  volume=18,
  number=10,
  pages={1039--1065},
  year=2006,
  note = {\href{http://onlinelibrary.wiley.com/doi/10.1002/cpe.994/abstract}{DOI:10.1002/cpe.994}},
  publisher={Wiley Online Library}
}

@inproceedings{vaz2007itrails,
  title={\term{iTrails}: pay-as-you-go information integration in dataspaces}, 
  author={Vaz Salles, Marcos Antonio and Dittrich, Jens-Peter and Karakashian, Shant Kirakos and Girard, Olivier Ren{\'e} and Blunschi, Lukas},
  booktitle={VLDB},
  pages={663--674},
  year=2007,
}

@incollection{hedeler2009dimensions,
  title={Dimensions of Dataspaces},
  author={Hedeler, Cornelia and Belhajjame, Khalid and Fernandes, Alvaro AA and Embury, Suzanne M and Paton, Norman W},
  booktitle={Dataspace: The Final Frontier},
  pages={55--66},
  year={2009},
  publisher={Springer}
}

@inproceedings{dittrich2006idm,
  title={iDM: A unified and versatile data model for personal dataspace management},
  author={Dittrich, Jens-Peter and Salles, Marcos Antonio Vaz},
  booktitle={VLDB},
  pages={367--378},
  year=2006,
}

@inproceedings{zhao2006applying,
  title={Applying the virtual data provenance model},
  author={Zhao, Yong and Wilde, Michael and Foster, Ian},
  booktitle = {Intl.\ Provenance and Annotation Workshop (IPAW)},
  annote = {LNCS 4145},
  year={2006},
}



@Misc{amstutz15CDL,
  key = 	 {CDL},
  author = 	 {Peter Amstutz and others},
  title = 	 {Common Workflow Language},
  howpublished = {\href{https://github.com/common-workflow-language}{github.com/common-workflow-language}},
  year = 	 2015}

@Misc{frazer15WDL,
  key = 	 {WDL},
  author = 	 {Scott Frazer and others},
  title = 	 {Workflow Description Language},
  howpublished = {\href{https://github.com/broadinstitute/wdl}{github.com/broadinstitute/wdl}},
  year = 	 2015}


@misc{dey15,
author = {Saumen Dey and others},
title = {Provenance for Scripting Languages},
howpublished = {submitted for publication},
year = {2015},
}


@Misc{yw-website,
key = {YW},
title = {\textsf{YesWorkflow} project site and README},
howpublished = {\href{http://yesworkflow.org/yw-prototypes}{yesworkflow.org/yw-prototypes}},
year=2015
}



@InProceedings{mcphillips2015ywIDCC,
  author    = {Timothy M. McPhillips and
               Tianhong Song and
               Tyler Kolisnik and
               Steve Aulenbach and
               Khalid Belhajjame and
               Kyle Bocinsky and
               Yang Cao and
               Fernando Chirigati and
               Saumen C. Dey and
               Juliana Freire and
               Deborah N. Huntzinger and
               Christopher Jones and
               David Koop and
               Paolo Missier and
               Mark Schildhauer and
               Christopher R. Schwalm and
               Yaxing Wei and
               James Cheney and
               Mark Bieda and
               Bertram Lud{\"{a}}scher},
  title     = {\textsf{YesWorkflow}: {A} User-Oriented, Language-Independent Tool for Recovering
               Workflow Information from Scripts},
  booktitle   = {10th Intl.\ Digital Curation Conference (IDCC)},
    year      = 2015,
  month = {February},
  address = {London},
  note       = {to appear in IJDC. Preprint: \href{http://arxiv.org/abs/1502.02403}{arxiv.org/abs/1502.02403}},
}


@article{mcphillips2015ywIJDC,
  title={\href{http://ijdc.net/index.php/ijdc/article/view/370}{YesWorkflow: A User-Oriented, Language-Independent Tool for Recovering Workflow Information from Scripts}},
  author={McPhillips, Timothy and Song, Tianhong and Kolisnik, Tyler
                  and Aulenbach, Steve and Belhajjame, Khalid and
                  Bocinsky, Kyle and Cao, Yang and James Cheney and
                  Fernando Chirigati and Saumen Dey and Juliana Freire
                  and Christopher Jones and James Hanken and Keith
                  W. Kintigh and Timothy A. Kohler and David Koop and
                  James A. Macklin and Paolo Missier and Mark
                  Schildhauer and Christopher Schwalm and Yaxing Wei
                  and Mark Bieda and Bertram Lud\"ascher},
  journal={International Journal of Digital Curation (IJDC)}, 
  year=2015,
  volume = 10,
  number = 1,
  pages = {298--313}, 
  note = {Presented at IDCC'15, 30 Euston Square, London, UK. \href{http://arxiv.org/abs/1502.02403}{arxiv.org/abs/1502.02403}}
}


@article{DBLP:journals/corr/McPhillipsSKABB15,
  author    = {Timothy M. McPhillips and
               Tianhong Song and
               Tyler Kolisnik and
               Steve Aulenbach and
               Khalid Belhajjame and
               Kyle Bocinsky and
               Yang Cao and
               Fernando Chirigati and
               Saumen C. Dey and
               Juliana Freire and
               Deborah N. Huntzinger and
               Christopher Jones and
               David Koop and
               Paolo Missier and
               Mark Schildhauer and
               Christopher R. Schwalm and
               Yaxing Wei and
               James Cheney and
               Mark Bieda and
               Bertram Lud{\"{a}}scher},
  title     = {\textsf{YesWorkflow}: {A} User-Oriented, Language-Independent Tool for Recovering
               Workflow Information from Scripts},
  journal   = {Intl.\ Journal of Digital Curation (IJDC)},
  year      = {2015},
  note       = {preprint: \href{http://arxiv.org/abs/1502.02403}{arxiv.org/abs/1502.02403}},
}



@inproceedings{DBLP:conf/ipaw/MurtaBCKF14,
  author    = {Leonardo Murta and
               Vanessa Braganholo and
               Fernando Chirigati and
               David Koop and
               Juliana Freire},
  title     = {\textsf{noWorkflow}: Capturing and Analyzing Provenance of Scripts},
  booktitle = {Intl.\ Provenance and Annotation Workshop (IPAW)},
  annote = {LNCS 8628},
  year      = {2014},
}


@inproceedings{murta2014nw,
  author    = {Leonardo Murta and
               Vanessa Braganholo and
               Fernando Chirigati and
               David Koop and
               Juliana Freire},
  title     = {\textsf{noWorkflow}: Capturing and Analyzing Provenance of Scripts},
  booktitle = {Intl.\ Provenance and Annotation Workshop (IPAW)},
  annote = {LNCS 8628},
  year      = 2014,
}



@proceedings{DBLP:conf/ipaw/2014,
  editor    = {Bertram Lud{\"{a}}scher and
               Beth Plale},
  title     = {Provenance and Annotation of Data and Processes - 5th International
               Provenance and Annotation Workshop, {IPAW} 2014, Cologne, Germany,
               June 9-13, 2014. Revised Selected Papers},
  series    = {Lecture Notes in Computer Science},
  volume    = {8628},
  publisher = {Springer},
  year      = {2015},
  url       = {http://dx.doi.org/10.1007/978-3-319-16462-5},
  doi       = {10.1007/978-3-319-16462-5},
  isbn      = {978-3-319-16461-8},
  timestamp = {Mon, 23 Mar 2015 12:20:37 +0100},
  biburl    = {http://dblp.uni-trier.de/rec/bib/conf/ipaw/2014},
  bibsource = {dblp computer science bibliography, http://dblp.org}
}




@misc{moreau2013prov,
  title={{PROV-DM}: The {PROV} data model},
  author={Moreau, Luc and Missier, Paolo},
  year={2013},
  publisher={World Wide Web Consortium}
}

@article{moreau09:_opm,
author = "Luc Moreau and Ben Clifford and Juliana Freire and Joe Futrelle and Yolanda Gil and Paul Groth and Natalia Kwasnikowska and Simon Miles and Paolo Missier and Jim Myers and Beth Plale and Yogesh Simmhan and Eric Stephan and Jan Van den Bussche",
title = "The Open Provenance Model core specification (v1.1)",
journal = "FCGS",
volume = 27,
number = 6,
pages = "743--756",
year = 2011,
doi = "DOI: 10.1016/j.future.2010.07.005",
}

@inproceedings{DBLP:conf/edbt/AlperBGK13,
  author    = {Pinar Alper and
               Khalid Belhajjame and
               Carole A. Goble and
               Pinar Karagoz},
  title     = {Enhancing and abstracting scientific workflow provenance
               for data publishing},
  booktitle = {EDBT/ICDT Workshops},
  year      = {2013},
  pages     = {313-318},
  publisher = {ACM},
  ee        = {http://doi.acm.org/10.1145/2457317.2457370},
  bibsource = {DBLP, http://dblp.uni-trier.de}
}

@inproceedings{Sethi:2012:RWF:2475186.2477102,
 author = {Sethi, Ricky J. and Jo, Hyunjoon and Gil, Yolanda},
 title = {Re-Using Workflow Fragments Across Multiple Data Domains},
 booktitle = {Proc. SCC '12},
 OPTseries = {SCC '12},
 year = {2012},
 isbn = {978-0-7695-4956-9},
 pages = {90--99},
 numpages = {10},
 url = {http://dx.doi.org/10.1109/SC.Companion.2012.24},
 doi = {10.1109/SC.Companion.2012.24},
 acmid = {2477102},
 publisher = {IEEE Computer Society},
 address = {Washington, DC, USA}
} 

@inproceedings{DBLP:conf/eScience/GarijoABCGG12,
  author    = {Daniel Garijo and
               Pinar Alper and
               Khalid Belhajjame and
               {\'O}scar Corcho and
               Yolanda Gil and
               Carole A. Goble},
  title     = {Common motifs in scientific workflows: An empirical analysis},
  booktitle = {eScience},
  year      = {2012},
  pages     = {1-8},
  ee        = {http://doi.ieeecomputersociety.org/10.1109/eScience.2012.6404427},
  publisher = {IEEE Computer Society},
  bibsource = {DBLP, http://dblp.uni-trier.de}
}


@inproceedings{Ghoshal:2013:SCA:2534248.2534250,
 author = {Ghoshal, Devarshi and Chauhan, Arun and Plale, Beth},
 title = {Static Compiler Analysis for Workflow Provenance},
 booktitle = {Proc. 8th Work. on Workflows in Support of Large-Scale Science},
 series = {WORKS '13},
 year = {2013},
 isbn = {978-1-4503-2502-8},
 location = {Denver, Colorado},
 pages = {17--27},
 numpages = {11},
 url = {http://doi.acm.org/10.1145/2534248.2534250},
 doi = {10.1145/2534248.2534250},
 acmid = {2534250},
 publisher = {ACM},
 OPTaddress = {New York, NY, USA}
} 

@inproceedings{DBLP:conf/ipaw/BowersML12,
  author    = {Shawn Bowers and
               Timothy M. McPhillips and
               Bertram Lud{\"a}scher},
  title     = {Declarative Rules for Inferring Fine-Grained Data Provenance
               from Scientific Workflow Execution Traces},
  booktitle = {Proc. IPAW '12},
  year      = {2012},
  pages     = {82-96},
  ee        = {http://dx.doi.org/10.1007/978-3-642-34222-6_7},
  bibsource = {DBLP, http://dblp.uni-trier.de}
}


@inproceedings{works2012daks, 
 author = {Cuevas-Vicentt\'{\i}n, V\'{\i}ctor and Dey, Saumen and Lud{\"a}scher, Bertram and Li Yuan Wang, Michael and Song, Tianhong}, 
 title = {Modeling and Querying Scientific Workflow Provenance in the D-OPM}, 
 booktitle = {7th Workshop on Workflows in Support of Large-Scale Science (WORKS)},
 location = {Salt Lake City, USA},
 year = {2012}
}

@article{cuevasidcc14,
  title={The {PBase} Scientific Workflow Provenance Repository},
  author={Cuevas-Vicentt{\'\i}n, V{\'\i}ctor and Kianmajd, Parisa and Lud{\"a}scher, Bertram and Missier, Paolo and Chirigati, Fernando and Wei, Yaxing and Koop, David and Dey, Saumen},
  journal={IDCC},
  year={2014}
}

@inproceedings{gelfond1988stable,
  title={The stable model semantics for logic programming},
  author={Gelfond, M. and Lifschitz, V.},
  booktitle={Proc. 5th Int'l Conf. Logic Prog.},
  volume={161},
  year={1988}
}

@article{lifschitz1999answer,
  title={Answer set planning},
  author={Lifschitz, V.},
  journal={Logic Programming and Nonmonotonic Reasoning},
  pages={373--374},
  year={1999},
  publisher={Springer}
}

@inproceedings{lifschitz2008answer,
  title={What is answer set programming},
  author={Lifschitz, V.},
  booktitle={Proceedings of the AAAI Conference on Artificial Intelligence},
  pages={1594--1597},
  year={2008}
}

@inproceedings{dey2012datalog,
  title={Datalog as a lingua franca for provenance querying and reasoning},
  author={Dey, Saumen and K{\"o}hler, Sven and Bowers, Shawn and Lud{\"a}scher, Bertram},
  booktitle={TaPP '12},
  year={2012}
}

@inproceedings{dey2013provenance,
  title={Provenance analyzer: exploring provenance semantics with logic rules},
  author={Dey, Saumen and Riddle, Sean and Lud{\"a}scher, Bertram},
  booktitle={TaPP '13},
  year={2013},
  organization={USENIX}
}


@InBook{freire@aosa2011,
  author = 	 {J. Freire and D. Koop and E. Santos and C. Scheidegger and C. Silva and H. T. Vo},
  OPTeditor = 	 {Amy Brown and Greg Wilson},
  title = 	 {The Architecture of Open Source Applications},
  chapter = 	 {VisTrails},
  publisher = 	 {Lulu.com},
  year = 	 {2011},
}
